@book{AgileProjectManagement,
  title={Agile project management with Scrum},
  author={Schwaber, Ken},
  year={2004},
  publisher={Microsoft press}
}

@online{AlaverdyanPairProgrammingMatrix,
   author={Alaverdyan, Narek},
   title={Pair Programming Matrix / Board},
   year={2010},
   url={http://alaverdyan.com/readme/2010/12/pair-programming-matrix-board/},
   urldate = {2016-05-21},
}

@article{Ali2016Long,
 author = {Ali, Nauman Bin and Petersen, Kai and Schneider, Kurt},
 title = {FLOW-assisted Value Stream Mapping in the Early Phases of Large-scale Software Development},
 journal={Journal of Systems and Software},
 issue_date = {January 2016},
 volume = {111},
 number = {C},
 month = jan,
 year = {2016},
 issn = {0164-1212},
 pages = {213--227},
 numpages = {15},
 url = {http://dx.doi.org/10.1016/j.jss.2015.10.013},
 doi = {10.1016/j.jss.2015.10.013},
 acmid = {2873563},
 publisher = {Elsevier Science Inc.},
 address = {New York, NY, USA},
 keywords = {Case study research, Lean software development, Value stream mapping},
} 

@article{Ali2016,
 author = {Ali, Nauman Bin and Petersen, Kai and Schneider, Kurt},
 title = {FLOW-assisted Value Stream Mapping in the Early Phases of Large-scale Software Development},
 journal={Journal of Systems and Software},
 issue_date = {January 2016},
 month = jan,
 year = {2016},
 publisher = {Elsevier Science Inc.},
 address = {New York, NY, USA},
} 

@book{AmblerDAD,
  title={Disciplined agile delivery: A practitioner's guide to agile software delivery in the enterprise},
  author={Ambler, Scott W and Lines, Mark},
  year={2012},
  publisher={IBM Press}
}

@book{AndersonKanban,
  title={Kanban: successful evolutionary change for your technology business},
  author={Anderson, David J},
  year={2010},
  publisher={Blue Hole Press}
}

@online{AwatiBusFactor,
   author={Awati, Kailash},
   title={Increasing your team's bus factor},
   url={https://eight2late.wordpress.com/2008/09/03/increasing-your-teams-bus-factor/},
   urldate = {2016-02-27},
   year={2008},
}

@inproceedings{BareissTransferable,
  title={Changes in transferable knowledge resulting from study in a graduate software engineering curriculum},
  author={Bareiss, Ray and Sedano, Todd and Katz, Edward},
  booktitle={Software Engineering Education and Training (CSEE\&T), 2012 IEEE 25th Conference on},
  pages={3--12},
  year={2012},
  organization={IEEE}
}

@online{BBCPivotal9am,
  author = {Smale, Will},
  title = {The firm that starts work at 9.06am},
  year = 2016,
  url = {http://www.bbc.com/news/business-37998577},
  urldate = {2016-11-26}
}

@article{Beal2003Cohesion,
  title={Cohesion and performance in groups: a meta-analytic clarification of construct relations.},
  author={Beal, Daniel J and Cohen, Robin R and Burke, Michael J and McLendon, Christy L},
  journal={Journal of Applied Psychology},
  volume={88},
  number={6},
  pages={989},
  year={2003},
  publisher={American Psychological Association}
}

@book{BeckExtremeProgramming1999,
  title={Extreme Programming Explained: Embrace Change},
  author = {Beck, Kent},
  publisher={Addison-Wesley Professional},
  year={1999}
}

@book{BeckExtremeProgramming2004,
  title={Extreme Programming Explained: Embrace Change (2nd Edition)},
  author = {Beck, Kent and Andres, Cynthia},
  publisher={Addison-Wesley Professional},
  year={2004}
}

@inproceedings{BirdDontTouchMyCodeLong,
 author = {Bird, Christian and Nagappan, Nachiappan and Murphy, Brendan and Gall, Harald and Devanbu, Premkumar},
 title = {Don'T Touch My Code!: Examining the Effects of Ownership on Software Quality},
 booktitle = {Proceedings of the 19th ACM SIGSOFT Symposium and the 13th European Conference on Foundations of Software Engineering},
 year = {2011},
 isbn = {978-1-4503-0443-6},
 location = {Szeged, Hungary},
 numpages = {11},
 url = {http://doi.acm.org/10.1145/2025113.2025119},
 doi = {10.1145/2025113.2025119},
 acmid = {2025119},
 publisher = {ACM},
} 

@inproceedings{BirdDontTouchMyCode,
 author = {Bird, Christian and Nagappan, Nachiappan and Murphy, Brendan and Gall, Harald and Devanbu, Premkumar},
 title = {Don'T Touch My Code!: Examining the Effects of Ownership on Software Quality},
 booktitle = {Proceedings of the 19th ACM SIGSOFT Symposium and the 13th European Conference on Foundations of Software Engineering},
 year = {2011},
 isbn = {978-1-4503-0443-6},
 location = {Szeged, Hungary},
 numpages = {11},
 acmid = {2025119},
 publisher = {ACM},
} 

@article{Bollen1990Perceived,
  title={Perceived cohesion: A conceptual and empirical examination},
  author={Bollen, Kenneth A and Hoyle, Rick H},
  journal={Social forces},
  volume={69},
  number={2},
  pages={479--504},
  year={1990},
  publisher={Oxford University Press}
}


@book{BoehmBalancingAgilityAndDiscipline,
  title={Balancing Agility and Discipline: A Guide for the Perplexed, Portable Documents},
  author={Boehm, Barry and Turner, Richard},
  year={2003},
  publisher={Addison-Wesley Professional}
}

@book{CameronSociologicalThinking,
  title={Informal sociology: A casual introduction to sociological thinking},
  author={Cameron, William Bruce},
  volume={21},
  year={1963},
  publisher={Random house New York}
}

@book{CharmazLong,
  title={Constructing Grounded Theory},
  author={Charmaz, K.},
  isbn={9781446293492},
  series={Introducing Qualitative Methods series},
  url={https://books.google.com/books?id=y0ooAwAAQBAJ},
  year={2014},
  publisher={SAGE Publications}
}

@book{Charmaz,
  title={Constructing Grounded Theory},
  author={Charmaz, K.},
  isbn={9781446293492},
  year={2014},
  publisher={SAGE Publications}
}

@inproceedings{ChongNominum,
 author = {Chong, Jan},
 title = {Social Behaviors on {XP} and non-{XP} Teams: A Comparative Study},
 booktitle = {Proceedings of the Agile Development Conference},
 series = {ADC},
 year = {2005},
 isbn = {0-7695-2487-7},
 numpages = {10},
 acmid = {1122092},
 publisher = {IEEE Computer Society},
 address = {Washington, DC, USA},
} 

@inproceedings{Coplien1994,
 title={A generative development process pattern language},
 author={Coplien, James O},
 booktitle = {Proceedings of Pattern languages of Program Design},
 series = {PLoP},
 year = {1994},
 location = {Monticello, Illinois},
} 

@book{Davies2009AgileCoaching,
  title={Agile Coaching},
  author={Davies, Rachel and Sedley, Liz},
  year={2009},
  publisher={Pragmatic Bookshelf}
}

@book{DerbyAgileRetrospectives,
 author = {Derby, Esther and Larsen, Diana},
 title = {Agile Retrospectives: Making Good Teams Great},
 year = {2006},
 isbn = {0977616649},
 publisher = {Pragmatic Bookshelf},
} 

@book{Derby2006,
  title={Agile retrospectives: Making good teams great},
  author={Derby, Esther and Larsen, Diana and Schwaber, Ken},
  year={2006},
  publisher={Pragmatic Bookshelf Raleigh, NC}
}

@book{Dirks1996,
  title={Psychological ownership in organizations: Conditions under which individuals promote and resist change},
  author={Dirks, Kurt T and Cummings, Larry L and Pierce, Jon L},
  year={1996}
}

@book{EssenceBook,
  title={The essence of software Engineering: applying the SEMAT kernel},
  author={Jacobson, Ivar and Ng, Pan-Wei and McMahon, Paul E and Spence, Ian and Lidman, Svante},
  year={2013},
  publisher={Addison-Wesley}
}

@article{Fitzgerald2015continuous,
  title={Continuous software engineering: A roadmap and agenda},
  author={Fitzgerald, Brian and Stol, Klaas-Jan},
  journal={Journal of Systems and Software},
  year={2015},
  publisher={Elsevier}
}

@online{FowlerCodeOwnership,
  author = {Fowler, Martin},
  title = {Code Ownership},
  year = 2006,
  url = {http://martinfowler.com/bliki/CodeOwnership.html},
  urldate = {2016-02-14}
}

@article{Formanek1994Long,
  title={Why they collect: Collectors reveal their motivations},
  author={Formanek, Ruth},
  journal={Interpreting Objects and Collections},
  pages={327--335},
  year={1994},
  publisher={Psychology Press}
}

@article{Formanek1994,
  title={Why they collect: Collectors reveal their motivations},
  author={Formanek, Ruth},
  journal={Interpreting objects and collections},
  year={1994},
  publisher={Psychology Press}
}

@book{GlaserAwarenessOfDying,
  title={Awareness of dying},
  author={Glaser, Barney G. and Strauss, Anselm L},
  year={1966},
  publisher={Transaction Publishers}
}

@article{GlaserAllIsData,
  title={All is Data},
  author={Glaser, Barney G.},
  journal={Grounded Theory Review},
  volume={6},
  number={2},
  year={2007}
}

@book{GlaserBasics,
  title={Basics of grounded theory analysis: emergence vs forcing},
  author={Glaser, Barney G.},
  year={1992},
  publisher={Sociology Press}
}

@book{GlaserDiscovery,
  title={The Discovery of Grounded Theory: Strategies for Qualitative Research.},
  author={Glaser, Barney G. and Strauss, Anselm L},
  year={1968},
  publisher={Sociology Press}
}

@book{GlaserIssues,
  title={Doing Grounded Theory: Issues and Discussions},
  author={Glaser, Barney G.},
  year={1998},
  publisher={Sociology Press}
}

@book{GlaserTheoreticalSensitivityLong,
  title={Theoretical Sensitivity: Advances in the Methodology of Grounded Theory},
  author={Glaser, Barney G.},
  lccn={lc78113442},
  url={https://books.google.com/books?id=73-2AAAAIAAJ},
  year={1978},
  publisher={Sociology Press}
}

@book{GlaserTheoreticalSensitivity,
  title={Theoretical Sensitivity: Advances in the Methodology of Grounded Theory},
  author={Glaser, Barney G.},
  year={1978},
  publisher={Sociology Press}
}

@book{GlaserGroundedTheoryPerspective,
  title={The grounded theory perspective: Conceptualization contrasted with description},
  author={Glaser, Barney G.},
  year={2001},
  publisher={Sociology Press}
}

@book{Goose,
  title={Growing object-oriented software, guided by tests},
  author={Freeman, Steve and Pryce, Nat},
  year={2009},
  publisher={Pearson Education}
}

@article{GrenningPlanningPoker,
  title={Planning poker or how to avoid analysis paralysis while release planning},
  author={Grenning, James},
  journal={Hawthorn Woods: Renaissance Software Consulting},
  volume={3},
  year={2002}
}

@INPROCEEDINGS{GQM, 
  author={Jedlitschka, A. and Pfahl, D.}, 
  booktitle={ International Symposium on Empirical Software Engineering, 2005.}, 
  title={Reporting guidelines for controlled experiments in software engineering}, 
  year={2005}, 
  month={Nov}, 
  keywords={software engineering;empirical software engineering;guideline development process;Costs;Data mining;Feedback;Guidelines;Programming;Proposals;Psychology;Software engineering;Standards publication;Taxonomy}, 
  doi={10.1109/ISESE.2005.1541818},}


@INPROCEEDINGS{GQMLong, 
  author={Jedlitschka, A. and Pfahl, D.}, 
  booktitle={ International Symposium on Empirical Software Engineering, 2005.}, 
  title={Reporting guidelines for controlled experiments in software engineering}, 
  year={2005}, 
  month={Nov}, 
  pages={10 pp.}, 
  keywords={software engineering;empirical software engineering;guideline development process;Costs;Data mining;Feedback;Guidelines;Programming;Proposals;Psychology;Software engineering;Standards publication;Taxonomy}, 
  doi={10.1109/ISESE.2005.1541818},}
  
@inproceedings{Grudin2002personasLong,
  title={Personas, Participatory Design and Product Development: An Infrastructure for Engagement},
  author={Grudin, Jonathan and Pruitt, John},
  booktitle={Participatory Design Conference},
  pages={144--161},
  year={2002}
}

@inproceedings{Grudin2002personas,
  title={Personas, Participatory Design and Product Development: An Infrastructure for Engagement},
  author={Grudin, Jonathan and Pruitt, John},
  booktitle={Participatory Design Conference},
  year={2002}
}

@article{Isaacs1933Long,
  title={Social development in young children},
  author={Isaacs, Susan},
  journal={British Journal of Educational Psychology},
  volume={3},
  number={3},
  pages={291--294},
  year={1933},
  publisher={Wiley Online Library}
}

@article{Isaacs1933,
  title={Social development in young children},
  author={Isaacs, Susan},
  journal={British Journal of Educational Psychology},
  year={1933},
  publisher={Wiley Online Library}
}

@inproceedings{Izquierdo2009TurnoverLong,
  title={Using software archaeology to measure knowledge loss in software projects due to developer turnover},
  author={Izquierdo-Cortazar, Daniel and Robles, Gregorio and Ortega, Francisco and Gonzalez-Barahona, Jesus M},
  booktitle={42nd Hawaii International Conference on System Sciences, HICSS},
  pages={1--10},
  year={2009},
  organization={IEEE}
}

@inproceedings{Izquierdo2009Turnover,
  title={Using software archaeology to measure knowledge loss in software projects due to developer turnover},
  author={Izquierdo-Cortazar, Daniel and Robles, Gregorio and Ortega, Francisco and Gonzalez-Barahona, Jesus M},
  booktitle={42nd Hawaii International Conference on System Sciences},
  series={HICSS},
  year={2009}
}

@article{JacobsonCallForAction,
  title={The SEMAT initiative: A call for action},
  author={Jacobson, Ivar and Meyer, Bertrand and Soley, Richard},
  journal={Dr. Dobb's Journal},
  volume={10},
  year={2009}
}

@book{James1890,
  title={The Principles of Psychology},
  author={James, William},
  year={1980},
  publisher={Holt}
}

@article{Joseph2007TurnoverLong,
 author = {Joseph, Damien and Ng, Kok-Yee and Koh, Christine and Ang, Soon},
 title = {Turnover of Information Technology Professionals: A Narrative Review, Meta-analytic Structural Equation Modeling, and Model Development},
 journal = {MIS Q.},
 issue_date = {September 2007},
 volume = {31},
 number = {3},
 month = sep,
 year = {2007},
 issn = {0276-7783},
 pages = {547--577},
 numpages = {31},
 url = {http://dl.acm.org/citation.cfm?id=2017336.2017343},
 acmid = {2017343},
 publisher = {Society for Information Management and The Management Information Systems Research Center},
 address = {Minneapolis, MN, USA},
 keywords = {IT professionals, MASEM, meta-analysis, review, structural equation modeling, turnover, turnover intention},
} 

@article{Joseph2007Turnover,
 author = {Joseph, Damien and Ng, Kok-Yee and Koh, Christine and Ang, Soon},
 title = {Turnover of Information Technology Professionals: A Narrative Review, Meta-analytic Structural Equation Modeling, and Model Development},
 journal = {MIS Quarterly},
 issue_date = {September 2007},
 month = sep,
 year = {2007},
 numpages = {31},
 acmid = {2017343},
 publisher = {Society for Information Management and The Management Information Systems Research Center},
 address = {Minneapolis, MN, USA},
 keywords = {IT professionals, MASEM, meta-analysis, review, structural equation modeling, turnover, turnover intention},
} 

@article {JostDecadeOfSystemJustificationLong,
  author = {Jost, John T. and Banaji, Mahzarin R. and Nosek, Brian A.},
  title = {A Decade of System Justification Theory: Accumulated Evidence of Conscious and Unconscious Bolstering of the Status Quo},
  journal = {Political Psychology},
  volume = {25},
  number = {6},
  publisher = {Blackwell Publishing Ltd.},
  issn = {1467-9221},
  url = {http://dx.doi.org/10.1111/j.1467-9221.2004.00402.x},
  doi = {10.1111/j.1467-9221.2004.00402.x},
  pages = {881--919},
  keywords = {ideology, system justification, intergroup relations, implicit bias},
  year = {2004},
}

@article {JostDecadeOfSystemJustification,
  author = {Jost, John T. and Banaji, Mahzarin R. and Nosek, Brian A.},
  title = {A Decade of System Justification Theory: Accumulated Evidence of Conscious and Unconscious Bolstering of the Status Quo},
  journal = {Political Psychology},
  volume = {25},
  number = {6},
  publisher = {Blackwell Publishing Ltd.},
  year = {2004},
}

@article{KarabanowGettingOffTheStreet,
  title={Getting off the street exploring the processes of young people's street exits},
  author={Karabanow, Jeff},
  journal={American Behavioral Scientist},
  volume={51},
  number={6},
  pages={772--788},
  year={2008},
  publisher={Sage Publications}
}

@article {Khurum2014Long,
  author = {Khurum, Mahvish and Petersen, Kai and Gorschek, Tony},
  title = {Extending value stream mapping through waste definition beyond customer perspective},
  journal = {Journal of Software: Evolution and Process},
  volume = {26},
  number = {12},
  issn = {2047-7481},
  url = {http://dx.doi.org/10.1002/smr.1647},
  doi = {10.1002/smr.1647},
  pages = {1074--1105},
  keywords = {lean software development, software process improvement, value stream mapping, software product management, software project management},
  year = {2014},
  note = {JSME-12-0095.R1},
}

@article {Khurum2014,
  author = {Khurum, Mahvish and Petersen, Kai and Gorschek, Tony},
  title = {Extending value stream mapping through waste definition beyond customer perspective},
  journal = {Journal of Software: Evolution and Process},
  volume = {26},
  number = {12},
  year = {2014},
}

@article{KuaRetrospectiveHandbook,
  title={The retrospective handbook: a guide for agile teams},
  author={Kua, Patrick},
  journal={E--book available at: https://leanpub.com/the--retrospective--handbook},
  year={2013}
}

@book{KrollRUP,
  title={The rational unified process made easy: a practitioner's guide to the RUP},
  author={Kroll, Per and Kruchten, Philippe},
  year={2003},
  publisher={Addison-Wesley Professional}
}

@article{KruchtenContextualizingAgile,
  title={Contextualizing agile software development},
  author={Kruchten, Philippe},
  journal={Journal of Software: Evolution and Process},
  volume={25},
  number={4},
  pages={351--361},
  year={2013},
  publisher={Wiley Online Library}
}

@inproceedings{ICSE2014,
 author = {P\'eraire, Cécile and Sedano, Todd},
 title = {State-based Monitoring and Goal-driven Project Steering: Field Study of the SEMAT Essence Framework},
 booktitle = {Proceedings of the 2014 International Conference on Software Engineering},
 series = {ICSE '14},
 year = {2014},
 location = {Hyderabad, India},
} 

@article{Lee2003generalizing,
  title={Generalizing generalizability in information systems research},
  author={Lee, Allen S and Baskerville, Richard L},
  journal={Information Systems Research},
  year={2003},
  publisher={Informs}
}

@book{LencioniDeathByMeeting,
 author = {Lencioni, Patrick},
 title = {Death by Meeting: A Leadership Fable},
 year = {2004},
 publisher = {Jossey-Bass},
} 

@article{Lethbridge2003DocumentationLong,
  title={How software engineers use documentation: The state of the practice},
  author={Lethbridge, Timothy C and Singer, Janice and Forward, Andrew},
  journal={Software, iEEE},
  volume={20},
  number={6},
  pages={35--39},
  year={2003},
  publisher={IEEE}
}

@article{Lethbridge2003Documentation,
  title={How software engineers use documentation: The state of the practice},
  author={Lethbridge, Timothy C and Singer, Janice and Forward, Andrew},
  journal={IEEE Software},
  year={2003},
  publisher={IEEE}
}

@book{LikerToyotaWay,
  title={The Toyota Way : 14 Management Principles from the World's Greatest Manufacturer},
  author={Liker, Jeffrey},
  year={2004},
  publisher={McGraw-Hill Education}
}

@phdthesis{Longo2014Dissertation,
  title={Formalising human mental workload as a defeasible computational concept},
  author={Longo, Luca},
  year={2014},
  school={Trinity College}
}

@article{McConnellTechnicalDebtLong,
  title={Managing technical debt},
  author={McConnell, Steve},
  journal={Construx Software Builders, Inc},
  pages={1--14},
  year={2008}
}

@techreport{McConnellTechnicalDebt,
  title={Managing technical debt},
  author={McConnell, Steve},
  institution={Construx Software Builders, Inc},
  year={2008}
}

@book{Meier2009,
  title={Microsoft Application Architecture Guide},
  author={Meier, JD and Hill, David and Homer, A and Jason, Taylor and Bansode, P and Wall, L and Boucher Jr, R and Bogawat, A},
  year={2009},
  publisher={Microsoft Press Book}
}

@article{MonsellTaskSwitchingLong,
  title={Task switching},
  author={Monsell, Stephen},
  journal={Trends in cognitive sciences},
  volume={7},
  number={3},
  pages={134--140},
  year={2003},
  publisher={Elsevier}
}

@article{MonsellTaskSwitching,
  title={Task switching},
  author={Monsell, Stephen},
  journal={Trends in cognitive sciences},
  volume={7},
  number={3},
  year={2003},
  publisher={Elsevier}
}

@inproceedings{Mujtaba2010Long,
   author = {Mujtaba, Shahid and Feldt, Robert and Petersen, Kai},
   title = {Waste and Lead Time Reduction in a Software Product Customization Process with Value Stream Maps},
   booktitle = {Proceedings of the 21st Australian Software Engineering Conference},
   series = {ASWEC},
   year = {2010},
   isbn = {978-0-7695-4006-1},
   pages = {139--148},
   numpages = {10},
   url = {http://dx.doi.org/10.1109/ASWEC.2010.37},
   doi = {10.1109/ASWEC.2010.37},
   acmid = {1826432},
   publisher = {IEEE Computer Society},
   address = {Washington, DC, USA},
   keywords = {Value Stream Mapping, Value Stream Analysis, Software Development Wastes, Software Product Customization, Software Process Improvement, Lean Software Development},
} 

@inproceedings{Mujtaba2010,
   author = {Mujtaba, Shahid and Feldt, Robert and Petersen, Kai},
   title = {Waste and Lead Time Reduction in a Software Product Customization Process with Value Stream Maps},
   booktitle = {Proceedings of the 21st Australian Software Engineering Conference},
   series = {ASWEC},
   year = {2010},
} 

@ARTICLE{MurphyIEEESoftware, 
  author={Murphy, Brendan}, 
  journal={Software, IEEE}, 
  title={Code Ownership-More Complex to Understand than Research Implies},
  year={2015}, 
  volume={32}, 
  number={6}, 
  pages={19}, 
  ISSN={0740-7459}, 
  month={Nov},
}

@book{OhnoToyotaProductionSystem,
  title={Toyota production system: beyond large-scale production},
  author={Ohno, Taiichi},
  year={1988},
  publisher={Productivity Press}
}

@article{Petersen2011Long,
 author={Petersen, Kai and Wohlin, Claes},
 title = {Measuring the Flow in Lean Software Development},
 journal={Software: Practice and experience},
 issue_date = {August 2011},
 volume = {41},
 number = {9},
 month = aug,
 year = {2011},
 issn = {0038-0644},
 pages = {975--996},
 numpages = {22},
 url = {http://dx.doi.org/10.1002/spe.975},
 doi = {10.1002/spe.975},
 acmid = {2003055},
 publisher = {John Wiley \& Sons, Inc.},
 address = {New York, NY, USA},
 keywords = {agile software development, development flow, goal-question-metric, lean software development},
} 

@article{Petersen2011,
 author={Petersen, Kai and Wohlin, Claes},
 title = {Measuring the Flow in Lean Software Development},
 journal={Software: Practice and experience},
 issue_date = {August 2011},
 year = {2011},
 publisher = {John Wiley \& Sons, Inc.},
 address = {New York, NY, USA},
 keywords = {agile software development, development flow, goal-question-metric, lean software development},
} 

@article{Pierce2001,
  title={Toward a theory of psychological ownership in organizations},
  author={Pierce, Jon L and Kostova, Tatiana and Dirks, Kurt T},
  journal={Academy of Management Review},
  volume={26},
  number={2},
  pages={298--310},
  year={2001},
  publisher={Academy of Management}
}

@book{PoppendieckLeanSoftwareDevelopment,
  title={Lean Software Development: An Agile Toolkit: An Agile Toolkit},
  author={Poppendieck, Mary and Poppendieck, Tom},
  year={2003},
  publisher = {Addison-Wesley Professional},
}

@book{PoppendieckResultsNotPoint,
 author = {Poppendieck, Mary and Poppendieck, Tom},
 title = {Leading Lean Software Development: Results Are Not the Point},
 year = {2009},
 isbn = {0321620704, 9780321620705},
 edition = {1st},
 publisher = {Addison-Wesley Professional},
} 

@book{PoppendieckConceptToCash,
 author = {Poppendieck, Mary and Poppendieck, Tom},
 title = {Implementing Lean Software Development: From Concept to Cash},
 year = {2006},
 isbn = {0321437381},
 publisher = {Addison-Wesley Professional},
} 

@book{Prior2003UsingDocuments,
  title={Using documents in social research},
  author={Prior, Lindsay},
  year={2003},
  publisher={Sage}
}

@Inbook{PowerImpedimentsLong,
  author="Power, Ken and Conboy, Kieran",
  editor="Cantone, Giovanni and Marchesi, Michele",
  title="Impediments to Flow: Rethinking the Lean Concept of `Waste' in Modern Software Development",
  bookTitle="Agile Processes in Software Engineering and Extreme Programming: 15th International Conference, XP 2014, Rome, Italy, May 26-30, 2014. Proceedings",
  year="2014",
  publisher="Springer International Publishing",
  address="Cham",
  pages="203--217",
  isbn="978-3-319-06862-6",
  doi="10.1007/978-3-319-06862-6_14",
  url="http://dx.doi.org/10.1007/978-3-319-06862-6_14"
}

@inproceedings{PowerImpediments,
  author="Power, Ken and Conboy, Kieran",
  title="Impediments to Flow: Rethinking the Lean Concept of `Waste' in Modern Software Development",
  booktitle="Proceedings of Agile Processes in Software Engineering and Extreme Programming",
  series = {XP},
  location = {Rome, Italy},
  year={2014},
  publisher={Springer International Publishing},
}

@inproceedings{RalphProcessTheoriesLongOld,
  title={Evaluating process theories in software engineering},
  author={Ralph, Paul},
  booktitle={Proceedings of the 3rd SEMAT Workshop on General Theories of Software Engineering},
  pages={5--8},
  year={2014},
  organization={ACM}
}

@inproceedings{RalphProcessTheoriesOld,
  title={Evaluating process theories in software engineering},
  author={Ralph, Paul},
  booktitle={Proceedings of the 3rd SEMAT Workshop on General Theories of Software Engineering},
  year={2014},
  organization={ACM}
}

@inproceedings{RalphProcessTheoriesLong,
 author = {Ralph, Paul},
 title = {Developing and Evaluating Software Engineering Process Theories},
 booktitle = {Proceedings of the 37th International Conference on Software Engineering - Volume 1},
 series = {ICSE '15},
 year = {2015},
 isbn = {978-1-4799-1934-5},
 location = {Florence, Italy},
 pages = {20--31},
 numpages = {12},
 url = {http://dl.acm.org/citation.cfm?id=2818754.2818760},
 acmid = {2818760},
 publisher = {IEEE Press},
 address = {Piscataway, NJ, USA},
 keywords = {case study, field study, process theory, questionnaire, research methodology},
} 

@inproceedings{RalphProcessTheories,
 author = {Ralph, Paul},
 title = {Developing and Evaluating Software Engineering Process Theories},
 booktitle = {Proceedings of the 37th International Conference on Software Engineering},
 series = {ICSE},
 year = {2015},
 location = {Florence, Italy},
 } 
 
 @online{RainsbergerIntegrationTestsBlog,
  author = { Rainsberger, J.B.},
  title = { Integration Tests Are A Scam },
  year = {2010},
  url = {http://blog.thecodewhisperer.com/permalink/integrated-tests-are-a-scam},
  urldate = {2016-02-14}
}

@online{RainsbergerIntegrationTestsYouTube,
  author = { Rainsberger, J.B.},
  title = { Integration Tests Are A Scam },
  year = 2013,
  url = {https://www.youtube.com/watch?v=VDfX44fZoMc},
  urldate = {2016-02-14}
}

@incollection{Ricca2011TruckFactorLong,
  title={On the difficulty of computing the truck factor},
  author={Ricca, Filippo and Marchetto, Alessandro and Torchiano, Marco},
  booktitle={Product-Focused Software Process Improvement},
  pages={337--351},
  year={2011},
  publisher={Springer}
}

@incollection{Ricca2011TruckFactor,
  title={On the difficulty of computing the truck factor},
  author={Ricca, Filippo and Marchetto, Alessandro and Torchiano, Marco},
  booktitle={Product-Focused Software Process Improvement},
  year={2011},
  publisher={Springer}
}

@inproceedings{Rigby2016TurnoverLong,
  title={Quantifying and mitigating turnover-induced knowledge loss: Case studies of chrome and a project at Avaya},
  author={Rigby, Peter C and Zhu, Yue Cai and Donadelli, Samuel M and Mockus, Audris},
  booktitle={Proceedings of the 38th International Conference on Software Engineering},
  pages={1006--1016},
  year={2016},
  series={ICSE},
  organization={ACM}
}

@inproceedings{Rigby2016Turnover,
  title={Quantifying and mitigating turnover-induced knowledge loss: Case studies of chrome and a project at {Avaya}},
  author={Rigby, Peter C and Zhu, Yue Cai and Donadelli, Samuel M and Mockus, Audris},
  booktitle={Proceedings of the 38th International Conference on Software Engineering},
  year={2016},
  series={ICSE}
}

@article{RiveraManagingSpoiledNationalIdentity,
  title={Managing “spoiled” national identity: War, tourism, and memory in Croatia},
  author={Rivera, Lauren A},
  journal={American Sociological Review},
  volume={73},
  number={4},
  pages={613--634},
  year={2008},
  publisher={Sage Publications}
}

@book{SchwaberScrum,
  title = {Agile Software Development with Scrum},
  author = {Schwaber, Ken and Beedle, Mike},
  publisher = {Prentice Hall PTR},
  year={2001}
}

inproceedings{SedanoSoftwareDevelopmentWaste,
   author={Sedano, Todd, and Ralph, Paul and P\'eraire, Cécile},
 title = {Software Development Waste},
 booktitle = {Proceedings of the 2017 International Conference on Software Engineering},
 series = {ICSE '17},
 year = {2017},
 location = {Buenos Aires, Argentina},
} 

@inproceedings{SedanoSustainableSoftware,
   author={Sedano, Todd, and Ralph, Paul and P\'eraire, Cécile},
   title={Sustainable Software Development through Overlapping Pair Rotation},
   booktitle = {Proceedings of the International Symposium on Empirical Software Engineering and Measurement International Conference on Software Engineering},
   series = {ESEM},
   year = {2016},
   location = {Ciudad Real, Spain},
}

@inproceedings{SedanoTeamCodeOwnership,
   author={Sedano, Todd, and Ralph, Paul and P\'eraire, Cécile},
   title = {Practice and Perception of Team Code Ownership},
   booktitle = {Proceedings of the 20th International Conference on Evaluation and Assessment in Software Engineering},
   series = {EASE},
   year = {2016},
   location = {Limerick, Ireland},
}

@article{SEMATKernel,
  title={The essence of software engineering: the SEMAT kernel},
  author={Jacobson, Ivar and Ng, Pan-Wei and McMahon, Paul and Spence, Ian and Lidman, Svante},
  journal={Queue},
  volume={10},
  number={10},
  pages={40},
  year={2012},
  publisher={ACM}
}

@article{ShookNummi,
  title={How to change a culture: Lessons from NUMMI},
  author={Shook, John},
  journal={MIT Sloan Management Review},
  year={2010},
  publisher={Massachusetts Institute of Technology}
}

@book{ShingoToyotaProductionSystem,
  title={A study of the Toyota Production System: From an Industrial Engineering Viewpoint},
  author={Shingo, Shigeo and Dillon, Andrew P},
  year={1989},
  publisher={CRC Press}
}

@article{SternErodingGroundedTheory,
  title={Eroding grounded theory},
  author={Stern, Phyllis N},
  journal={Critical issues in qualitative research methods},
  pages={212--223},
  year={1994}
}

@book{StellmanAppliedPM,
  title={Applied software project management},
  author={Stellman, Andrew and Greene, Jennifer},
  year={2005},
  publisher={" O'Reilly Media, Inc."}
}

@inproceedings{StolGroundedTheory,
   author = {Stol, Klaas-Jan and Ralph, Paul and Fitzgerald, Brian},
   title = {Grounded Theory in Software Engineering Research: A Critical Review and Guideline},
   booktitle = {Proceedings of the 2016 International Conference on Software Engineering},
   series = {ICSE},
   year = {2016},
   location = {Austin, Texas, USA},
}

@book{Strauss1988Basics,
  title={Basics of qualitative research},
  author={Strauss, Anselm and Corbin, Juliet},
  year={1988},
  publisher={Newbury Park, CA: Sage}
}

@book{Strauss1998Basics,
  title={Basics of qualitative research, 2nd Edition},
  author={Strauss, Anselm and Corbin, Juliet},
  year={1998},
  publisher={Thousand Oaks, CA: Sage}
}

@article{SustainableSoftwareDevelopment2,
  title={Sustainable Software Development through Overlapping Pair Rotation},
  author={Sedano, Todd, and Ralph, Paul and P\'eraire, Cécile},
  journal={Paper submitted for publication},
  year={2016},
}

@TECHREPORT{SustainableSoftwareDevelopment,
  title={Sustainable Software Development through Overlapping Pair Rotation},
  author={Sedano, Todd, and Ralph, Paul and P\'eraire, Cécile},
  journal={Paper submitted for publication},
  year={2016},
  institution={Carnegie Mellon University},
}

@book{TabakaCollaborationExplained,
 author = {Tabaka, Jean},
 title = {Collaboration Explained: A Practical Guide for Agile Software Projects},
 year = {2006},
 isbn = {0321268776},
 publisher = {Addison-Wesley Professional},
} 

@article{TuckmanModel,
  title={Developmental sequence in small groups.},
  author={Tuckman, Bruce W},
  journal={Psychological bulletin},
  year={1965},
  publisher={American Psychological Association}
}

@inbook {TweedGroundedTheoryLong,
  title = {Grounded Theory Methods for Mental Health Practitioners},
  author = {Tweed, Alison and Charmaz, Kathy},
  publisher = {John Wiley & Sons, Ltd},
  isbn = {9781119973249},
  url = {http://dx.doi.org/10.1002/9781119973249.ch10},
  doi = {10.1002/9781119973249.ch10},
  pages = {131--146},
  booktitle = {Qualitative Research Methods in Mental Health and Psychotherapy},
  year = {2011},
}

@article{TweedGroundedTheory,
  title = {Grounded Theory Methods for Mental Health Practitioners},
  author = {Tweed, Alison and Charmaz, Kathy},
  publisher = {John Wiley & Sons, Ltd},
  pages = {131--146},
  journal = {Qualitative Research Methods in Mental Health and Psychotherapy},
  year = {2011},
}


@inproceedings{Vanhanen2007Long,
  title={Experiences of using pair programming in an agile project},
  author={Vanhanen, Jari and Korpi, Harri},
  booktitle={40th Annual Hawaii International Conference on System Sciences},
  series={HICSS},
  pages={274b--274b},
  year={2007},
  organization={IEEE}
}

@inproceedings{Vanhanen2007,
  title={Experiences of using pair programming in an agile project},
  author={Vanhanen, Jari and Korpi, Harri},
  booktitle={40th Annual Hawaii International Conference on System Sciences},
  series={HICSS},
  year={2007}
 }
 
  @online{VersionOne2016Report,
  author = { VersionOne },
  title = { 10th Annual State of Agile Report },
  year = {2016},
  url = {https://versionone.com/pdf/VersionOne-10th-Annual-State-of-Agile-Report.pdf},
  urldate = {2016-12-06}
}

@online{WellsIntegrateOften,
   author={Wells, Don},
   title={Integrate Often},
   year={1999},
   url={http://www.extremeprogramming.org/rules/integrateoften.html},
   urldate = {2016-02-27},
}

@incollection{Whitworth2007MotivationLong,
  title={Motivation and cohesion in agile teams},
  author={Whitworth, Elizabeth and Biddle, Robert},
  booktitle={Agile processes in software engineering and extreme programming},
  pages={62--69},
  year={2007},
  publisher={Springer}
}

@incollection{Whitworth2007Motivation,
  title={Motivation and cohesion in agile teams},
  author={Whitworth, Elizabeth and Biddle, Robert},
  booktitle={Agile Processes in Software Engineering and Extreme Programming},
  year={2007},
  publisher={Springer}
}

@book{Williams2002,
  title={Pair Programming Illuminated},
  author={Williams, Laurie and Kessler, Robert},
  year={2002},
  publisher={Addison-Wesley Pearson Education}
}

@online{WikiTruckNumberOld,
   title={TruckNumber},
   url={http://c2.com/cgi/wiki?TruckNumberFixed},
   urldate = {2016-02-27},
}

@misc{WikiTruckNumber,
   title={TruckNumber. {P}ortland {P}attern {R}epository},
   author={Paci, George},
   url={http://c2.com/cgi/wiki?TruckNumberFixed},
   urldate = {2016-02-27},
}

@book{WomackLeanThinking,
  title={Lean thinking: banish waste and create wealth in your corporation},
  author={Womack, James P and Jones, Daniel T},
  year={1996},
  publisher={Simon and Schuster}
}

@article{Yanos2008CollusiveObjectification,
  title={On ‘False, Collusive Objectification’: Becoming Attuned to Self-Censorship, Performance and Interviewer Biases in Qualitative Interviewing},
  author={Yanos, Philip T and Hopper, Kim},
  journal={International Journal of Social Research Methodology},
  volume={11},
  number={3},
  pages={229--237},
  year={2008},
  publisher={Taylor \& Francis}
}

@inproceedings{Zieris2016KnowledgeTransferLong,
  title={Observations on knowledge transfer of professional software developers during pair programming},
  author={Zieris, Franz and Prechelt, Lutz},
  booktitle={Proceedings of the 38th International Conference on Software Engineering Companion},
  pages={242--250},
  year={2016},
  organization={ACM}
}

@inproceedings{Zieris2016KnowledgeTransfer,
  title={Observations on knowledge transfer of professional software developers during pair programming},
  author={Zieris, Franz and Prechelt, Lutz},
  booktitle={Proceedings of the 38th International Conference on Software Engineering Companion},
  year={2016},
  organization={ACM}
}




























































@book{ScalingAgile,
 author = {Larman, Craig and Vodde, Bas},
 title = {Scaling Lean \& Agile Development: Thinking and Organizational Tools for Large-Scale Scrum},
 year = {2008},
 isbn = {0321480961, 9780321480965},
 edition = {1st},
 publisher = {Addison-Wesley Professional},
} 

@book{Balancing,
 author = {Boehm, Barry and Turner, Richard},
 title = {Balancing Agility and Discipline: A Guide for the Perplexed},
 year = {2003},
 isbn = {0321186125},
 publisher = {Addison-Wesley Longman Publishing Co., Inc.},
 address = {Boston, MA, USA},
} 

@article{CallToAction,
  author = {Jacobson, Ivar and Meyer, Bertrand and Soley, Richard},
  title = {The SEMAT Initiative: A Call for Action},
  journal = {Dr. Dobb's Journal},
  issue_date = {10 December 2009},
  month = dec,
  year = {2013}
}

@article{GTSE2013,
 author = {Johnson, Pontus and et al.},
 title = {Report on the Second SEMAT Workshop on General Theory of Software Engineering},
 journal = {ACM SIGSOFT Software Engingeering Notes},
 issue_date = {September 2013},
 year = {2013},
 issn = {0163-5948},
 numpages = {4},
 url = {http://doi.acm.org/10.1145/2507288.2529923},
 doi = {10.1145/2507288.2529923},
 acmid = {2529923},
 publisher = {ACM},
 address = {New York, NY, USA},
} 



@article{GTSE2013Long,
 author = {Johnson, Pontus and Ralph, Paul and Goedicke, Michael and Ng, Pan-Wei and Stol, Klaas-Jan and Smolander, Kari and Exman, Iaakov and Perry, Dewayne E},
 title = {Report on the Second SEMAT Workshop on General Theory of Software Engineering (GTSE 2013)},
 journal = {ACM SIGSOFT Software Engingeering Notes},
 issue_date = {September 2013},
 volume = {38},
 number = {5},
 month = aug,
 year = {2013},
 issn = {0163-5948},
 pages = {47--50},
 numpages = {4},
 url = {http://doi.acm.org/10.1145/2507288.2529923},
 doi = {10.1145/2507288.2529923},
 acmid = {2529923},
 publisher = {ACM},
 address = {New York, NY, USA},
} 


@article{JacobsonQueue,
 author = {Jacobson, Ivar and Ng, Pan-Wei and McMahon, Paul and Spence, Ian and Lidman, Svante},
 title = {The Essence of Software Engineering: The {SEMAT} Kernel},
 journal = {Queue},
 issue_date = {October 2012},
 volume = {10},
 number = {10},
 month = oct,
 year = {2012},
 issn = {1542-7730},
 pages = {40:40--40:51},
 articleno = {40},
 numpages = {12},
 doi = {10.1145/2381996.2389616},
 acmid = {2389616},
 publisher = {ACM},
 address = {New York, NY, USA},
} 

@article{JacobsonQueueLong,
 author = {Jacobson, Ivar and Ng, Pan-Wei and McMahon, Paul and Spence, Ian and Lidman, Svante},
 title = {The Essence of Software Engineering: The {SEMAT} Kernel},
 journal = {Queue},
 issue_date = {October 2012},
 volume = {10},
 number = {10},
 month = oct,
 year = {2012},
 issn = {1542-7730},
 pages = {40:40--40:51},
 articleno = {40},
 numpages = {12},
 url = {http://doi.acm.org/10.1145/2381996.2389616},
 doi = {10.1145/2381996.2389616},
 acmid = {2389616},
 publisher = {ACM},
 address = {New York, NY, USA},
} 

@INPROCEEDINGS{GQMLong, 
author={Jedlitschka, A. and Pfahl, D.}, 
booktitle={ International Symposium on Empirical Software Engineering, 2005.}, 
title={Reporting guidelines for controlled experiments in software engineering}, 
year={2005}, 
month={Nov}, 
pages={10 pp.}, 
keywords={software engineering;empirical software engineering;guideline development process;Costs;Data mining;Feedback;Guidelines;Programming;Proposals;Psychology;Software engineering;Standards publication;Taxonomy}, 
doi={10.1109/ISESE.2005.1541818},}

@INPROCEEDINGS{Shaw, 
author={Shaw, Mary}, 
booktitle={Proceedings of the 2003 International Conference on Software Engineering}, 
title={Writing good software engineering research papers}, 
year={2003}, 
month={May}, 
keywords={software engineering;research paradigms;research project design;research validation;software engineering research papers;software profession;technical writing;Abstracts;Acoustical engineering;Concrete;Design engineering;Physics;Software engineering;Software standards;Statistics;Vehicles;Writing}, 
doi={10.1109/ICSE.2003.1201262}, 
ISSN={0270-5257},}


@INPROCEEDINGS{ShawLong, 
author={Shaw, Mary}, 
booktitle={Proceedings of the 2003 International Conference on Software Engineering}, 
title={Writing good software engineering research papers}, 
year={2003}, 
month={May}, 
pages={726-736}, 
keywords={software engineering;research paradigms;research project design;research validation;software engineering research papers;software profession;technical writing;Abstracts;Acoustical engineering;Concrete;Design engineering;Physics;Software engineering;Software standards;Statistics;Vehicles;Writing}, 
doi={10.1109/ICSE.2003.1201262}, 
ISSN={0270-5257},}

@misc{AgileManifesto,
  title={The agile manifesto},
  author={Beck, Kent and et al.},
  year={2001}
}

@misc{AgileManifestoLong,
  title={The agile manifesto},
  author={Beck, Kent and Beedle, Mike and van Bennekum, Arie and Cockburn, Alistair and Cunningham, Ward and Fowler, Martin and Grenning, James and Highsmith, Jim and Hunt, Andrew and Jeffries, Ron and others},
  year={2001}
}


@article{PlanningPoker,
  title={Planning poker or how to avoid analysis paralysis while release planning},
  author={Grenning, James},
  journal={Hawthorn Woods: Renaissance Software Consulting},
  volume={3},
  year={2002}
}

@manual{OMGStandard,
  title = {Essence - Kernel and Language for Software Engineering Methods},
  month = {February},
  year = {2012},
  organization = {OMG},
  note = {OMG Submitters: Fujitsu, Ivar Jacobson International, AB Model Driven Solutions},
}

@manual{OMGStandardLong,
  title = {Essence - Kernel and Language for Software Engineering Methods},
  month = {February},
  year = {2012},
  organization = {OMG},
  note = {OMG Submitters: Fujitsu, Ivar Jacobson International, AB Model Driven Solutions},
  url = {http://www.omg.org/spec/Essence/1.0/Beta1 }
}

@INPROCEEDINGS{Katz, 
author={Katz, E.P.}, 
booktitle={23rd IEEE Conference on Software Engineering Education and Training}, 
title={Software Engineering Practicum Course Experience}, 
year={2010}, 
month={March}, 
keywords={computer science education;educational courses;knowledge acquisition;software engineering;CMU Silicon Valley;curriculum capstone;knowledge acquisition;practicum student;skill acquisition;software developed solution;software engineering practicum course;Application software;Employment;Feedback;Guidelines;Proposals;Reflection;Silicon;Software engineering;Software prototyping;Software tools}, 
doi={10.1109/CSEET.2010.38}, 
ISSN={1093-0175},}

@INPROCEEDINGS{KatzLong, 
author={Katz, E.P.}, 
booktitle={23rd IEEE Conference on Software Engineering Education and Training (CSEET) 2010 }, 
title={Software Engineering Practicum Course Experience}, 
year={2010}, 
month={March}, 
pages={169-172}, 
keywords={computer science education;educational courses;knowledge acquisition;software engineering;CMU Silicon Valley;curriculum capstone;knowledge acquisition;practicum student;skill acquisition;software developed solution;software engineering practicum course;Application software;Employment;Feedback;Guidelines;Proposals;Reflection;Silicon;Software engineering;Software prototyping;Software tools}, 
doi={10.1109/CSEET.2010.38}, 
ISSN={1093-0175},}

@article{AgileSEMAT,
  title={Agile and {SEMAT}: perfect partners},
  author={Jacobson, Ivar and Spence, Ian and Ng, Pan-Wei},
  journal={Communications of the ACM},
  year={2013},
  publisher={ACM}
}

@article{AgileSEMATLong,
  title={Agile and {SEMAT}: perfect partners},
  author={Jacobson, Ivar and Spence, Ian and Ng, Pan-Wei},
  journal={Communications of the ACM},
  volume={56},
  number={11},
  pages={53--59},
  year={2013},
  publisher={ACM}
}

@book{SWEBOK,
  title={Guide to the Software Engineering Body of Knowledge (SWEBOK)},
  author={Abran, Alain and Bourque, Pierre},
  year={2004},
  publisher={IEEE Computer Society}
}

@article{GSWE,
  title={Graduate Software Engineering Curriculum Guidelines for Graduate Degree Programs in Software Engineering},
  author={Pyster, A and et al.},
  journal={Integrated Software and Systems Engineering Curriculum (iSSEc) series},
  year={2009}
}

@article{GSWELong,
  title={Graduate Software Engineering (GSwE2009) Curriculum Guidelines for Graduate Degree Programs in Software Engineering},
  author={Pyster, A and et al.},
  journal={Integrated Software and Systems Engineering Curriculum (iSSEc) series},
  year={2009}
}

@inproceedings{EASE2014,
 author = {P{\'e}raire, C{\'e}cile and Sedano, Todd},
 title = {Essence Reflection Meetings: Field Study},
 booktitle = {Proceedings of the 18th International Conference on Evaluation and Assessment in Software Engineering},
 series = {EASE '14},
 month = {May},
 year = {2014},
 isbn = {978-1-4503-2476-2},
 location = {London, England, United Kingdom},
 articleno = {25},
 numpages = {4},
 acmid = {2601296},
 publisher = {ACM},
 keywords = {agile retrospective, field study, software development methods},
} 


@inproceedings{EASE2014Long,
 author = {P{\'e}raire, C{\'e}cile and Sedano, Todd},
 title = {Essence Reflection Meetings: Field Study},
 booktitle = {Proceedings of the 18th International Conference on Evaluation and Assessment in Software Engineering},
 series = {EASE '14},
 year = {2014},
 isbn = {978-1-4503-2476-2},
 location = {London, England, United Kingdom},
 pages = {25:1--25:4},
 articleno = {25},
 numpages = {4},
 url = {http://doi.acm.org/10.1145/2601248.2601296},
 doi = {10.1145/2601248.2601296},
 acmid = {2601296},
 publisher = {ACM},
 address = {New York, NY, USA},
 keywords = {agile retrospective, field study, software development methods},
} 

@inproceedings{ALPS,
 author = {Hornby, Gregory},
 title = {ALPS: The Age-layered Population Structure for Reducing the Problem of Premature Convergence},
 booktitle = {Proceedings of the 8th Annual Conference on Genetic and Evolutionary Computation},
 series = {GECCO '06},
 year = {2006},
 isbn = {1-59593-186-4},
 location = {Seattle, Washington, USA},
 publisher = {ACM},
 address = {New York, NY, USA},
} 

@inproceedings{ALPSLong,
 author = {Hornby, Gregory S.},
 title = {ALPS: The Age-layered Population Structure for Reducing the Problem of Premature Convergence},
 booktitle = {Proceedings of the 8th Annual Conference on Genetic and Evolutionary Computation},
 series = {GECCO '06},
 year = {2006},
 isbn = {1-59593-186-4},
 location = {Seattle, Washington, USA},
 pages = {815--822},
 numpages = {8},
 url = {http://doi.acm.org/10.1145/1143997.1144142},
 doi = {10.1145/1143997.1144142},
 acmid = {1144142},
 publisher = {ACM},
 address = {New York, NY, USA},
 keywords = {age, computer-automated design, evolutionary algorithms, open-ended design, premature convergence},
} 

@book{Eiben2003,
 author = {Eiben, Agoston E. and Smith, J. E.},
 title = {Introduction to Evolutionary Computing},
 year = {2003},
 isbn = {3540401849},
 publisher = {SpringerVerlag},
} 

@book{Goldberg1989,
 author = {Goldberg, David E.},
 title = {Genetic Algorithms in Search, Optimization and Machine Learning},
 year = {1989},
 isbn = {0201157675},
 edition = {1st},
 publisher = {Addison-Wesley Longman Publishing Co., Inc.},
 address = {Boston, MA, USA},
} 

@book{Holland1992,
 author = {Holland, John H.},
 title = {Adaptation in Natural and Artificial Systems},
 year = {1992},
 isbn = {0-262-58111-6},
 publisher = {MIT Press},
 address = {Cambridge, MA, USA},
} 

@online{GithubGeneticAlgorithm,
  author = {Todd Sedano},
  title = {Source Code for Essence Kernel Genetic Algorithm},
  year = 2014,
  url = {https://github.com/professor/essence\_kernel\_genetic\_algorithm},
  urldate = {2014-11-01}
}

@inproceedings{Johnson2013,
 author = {Johnson, Brittany and Song, Yoonki and Murphy-Hill, Emerson and Bowdidge, Robert},
 title = {Why Don\&\#039;T Software Developers Use Static Analysis Tools to Find Bugs?},
 booktitle = {Proceedings of the 2013 International Conference on Software Engineering},
 series = {ICSE '13},
 year = {2013},
 isbn = {978-1-4673-3076-3},
 location = {San Francisco, CA, USA},
 pages = {672--681},
 numpages = {10},
 url = {http://dl.acm.org/citation.cfm?id=2486788.2486877},
 acmid = {2486877},
 publisher = {IEEE Press},
 address = {Piscataway, NJ, USA},
} 

@book{ExtremeProgrammingExplained,
 author = {Beck, Kent and Andres, Cynthia},
 title = {Extreme Programming Explained: Embrace Change (2nd Edition)},
 year = {2004},
 isbn = {0321278658},
 publisher = {Addison-Wesley Professional},
} 

@inproceedings{Elvesaeter2013,
 author = {Elves{\ae}ter, Brian and Benguria, Gorka and Ilieva, Sylvia},
 title = {A Comparison of the Essence 1.0 and SPEM 2.0 Specifications for Software Engineering Methods},
 booktitle = {Proceedings of the Third Workshop on Process-Based Approaches for Model-Driven Engineering},
 series = {PMDE '13},
 year = {2013},
 isbn = {978-1-4503-2047-4},
 location = {Montpellier, France},
 pages = {2:1--2:10},
 articleno = {2},
 numpages = {10},
 url = {http://doi.acm.org/10.1145/2489833.2489835},
 doi = {10.1145/2489833.2489835},
 acmid = {2489835},
 publisher = {ACM},
 address = {New York, NY, USA},
 keywords = {Essence, SPEM, method, method engineering, practice, software engineering},
} 

@online{RemicsEssence,
  author = {Elves{\ae}ter, Brian},
  title = {REMICS Essence Method Library},
  year = 2015,
  url = {https://github.com/SINTEF-9012/remics-essence},
  urldate = {2015-02-01}
}

@book{Schwaber2001,
 author = {Schwaber, Ken and Beedle, Mike},
 title = {Agile Software Development with Scrum},
 year = {2001},
 isbn = {0130676349},
 edition = {1st},
 publisher = {Prentice Hall PTR},
 address = {Upper Saddle River, NJ, USA},
} 

@online{ScrumGuide,
  author = {Schwaber, Ken and Sutherland, Jeff},
  title = {Scrum Guide},
  year = 2015,
  url = {http://www.scrumguides.org/},
  urldate = {2015-02-01}
}

@book{Naur1969,
 editor = {Naur, Peter and Randell, Brian},
 title = {Software Engineering: Report of a Conference Sponsored by the NATO Science Committee, Garmisch, Germany, 7-11 Oct. 1968, Brussels, Scientific Affairs Division, NATO},
 year = {1969},
} 

@article{Nummi,
  author = {Shook, John},
  title = {How to Change a Culture: Lessons From NUMMI},
  journal = {MIT Sloan Management Review},
  year = {2010},
  pages = {63--68}
}

@article{JacobsonMajorLeaugue,
 author = {Jacobson, Ivar and Ng, Pan-Wei and Spence, Ian and McMahon, Paul E.},
 title = {Major-league SEMAT: Why Should an Executive Care?},
 journal = {Commun. ACM},
 issue_date = {April 2014},
 volume = {57},
 number = {4},
 month = apr,
 year = {2014},
 issn = {0001-0782},
 pages = {44--50},
 numpages = {7},
 url = {http://doi.acm.org/10.1145/2580712},
 doi = {10.1145/2580712},
 acmid = {2580712},
 publisher = {ACM},
 address = {New York, NY, USA},
} 

@article{JacobsonNewSoftwareEngineering,
 author = {Jacobson, Ivar and Seidewitz, Ed},
 title = {A New Software Engineering},
 journal = {Queue},
 issue_date = {October 2014},
 volume = {12},
 number = {10},
 month = oct,
 year = {2014},
 issn = {1542-7730},
 pages = {30:30--30:38},
 articleno = {30},
 numpages = {9},
 url = {http://doi.acm.org/10.1145/2685690.2693160},
 doi = {10.1145/2685690.2693160},
 acmid = {2693160},
 publisher = {ACM},
 address = {New York, NY, USA},
} 

@book{SDLC,
  author = {Kennaley, Mark},
  title = {SDLC 3.0: Beyond a Tacit Understanding of Agile},
  year = {2010},
  publisher = {Fourth Medium Press},
}

@book{ValueStream,
  author = {Kennaley, Mark},
  title = {Value Stream: Generally Accepted Practice in Enterprise Software Development},
  year = {2014},
  publisher = {Fourth Medium Press},
}

@inproceedings{SCSE2015,
 author = {Sedano, Todd and P\'eraire, Cécile},
 title = {Towards Generating Essence Kernels Using Genetic Algorithms},
 booktitle = {Proceedings of the 2015 International Conference on Soft Computing and Software Engineering},
 series = {SCSE '15},
 year = {2015},
 location = {Berkeley, CA, USA},
} 

@inproceedings{SCSE2015Tutorial,
 author = {Sedano, Todd and P\'eraire, Cécile},
 title = {Tutorial: Using Essence Reflection Meetings in Team-Based Project Courses},
 booktitle = {Proceedings of the 2015 International Conference on Soft Computing and Software Engineering},
 series = {SCSE '15},
 year = {2015},
 location = {Berkeley, CA, USA},
} 

@inproceedings{CSEET2015Workshop,
 author = {Sedano, Todd and P\'eraire, Cécile},
 title = {Workshop: Essence in Team-Based Project Courses},
 booktitle = {28th IEEE Conference on Software Engineering Education and Training},
 series = {CSEE\&T '15},
 year = {2015},
 location = {Florence, Italy},
} 

@ARTICLE{QualitativeMethodsLong, 
 author={Seaman, C.B.}, 
 journal={Software Engineering, IEEE Transactions on}, 
 title={Qualitative methods in empirical studies of software engineering}, year={1999}, 
 month={Jul}, 
 volume={25}, 
 number={4}, 
 pages={557-572}, 
 keywords={human factors;project management;software development management;user interfaces;data collection;empirical studies;human aspects;human behaviour;nontechnical aspects;qualitative methods;qualitative research methods;quantitative methods;real software engineering studies;research community;research methods;research questions;software development;software engineering;Computer industry;Data analysis;Design for experiments;Design methodology;Helium;Humans;Laboratories;Programming;Software development management;Software engineering}, 
 doi={10.1109/32.799955}, 
 ISSN={0098-5589},}

@ARTICLE{QualitativeMethods, 
 author={Seaman, C.B.}, 
 journal={Software Engineering, IEEE Transactions on}, 
 title={Qualitative methods in empirical studies of software  engineering}, year={1999}, 
 month={Jul}, 
 volume={25}, 
 number={4}, 
 pages={557-572}, 
 ISSN={0098-5589},}

@article{ConstructivistGroundedTheory,
 author={Mills, J., Bonner, A., & Francis, K.},
 year={2006},
 month={3},
 title={The development of constructivist grounded theory},
 journal={International Journal of Qualitative Methods},
 number={5(1)}
}